@article{yamamoto1962direct,
  title={Direct absorption of solar radiation by atmospheric water vapor, carbon dioxide and molecular oxygen},
  author={Yamamoto, Giichi},
  journal={Journal of the Atmospheric Sciences},
  volume={19},
  number={2},
  pages={182--188},
  year={1962}
}

@misc{ wiki:weather,
   author = "Wikipedia",
   title = "Mars --- {W}ikipedia{,} The Free Encyclopedia",
   year = "2004",
   url = "https://en.wikipedia.org/wiki/Mars",
   note = "[Online; accessed \today]"
 }

@misc{ latitude,
   author = {John Leif J{\o}rgensen},
   year = "2015"
 }
 
 @article{albedo,
  title={Climate Present Past And Future Vol-1},
  author={Lamb, Hubert H},
  year={1975},
  publisher={London., Methuen amp Co.}
}

@misc{nasa,
   author = "NASA",
   title = "Robotic Mars Exploration",
   year = "2015",
   url = "http://www.nasa.gov/mission_pages/mars/main/index.html",
   note = "[Online; accessed \today]"
 }